@techreport{AECF,
author = {Bostan A., Chyzak F., Giusti M., Lebreton R., Lecerf G., Salvy B. & Schost E.},
title = {Algorithmes Efficaces en Calcul Formel},
institution = {Université Paris Diderot, Écoles Normales Supérieures de Cachan et de Paris & École polytechnique},
year = {2018},
month = {décembre},
url = {https://hal.archives-ouvertes.fr/AECF/%7D}
}

@techreport{Karatsuba,
author = {Werner B. & Schost E.},
title = {Informatique Tronc Commun TD2 Récursivité 2 : l'algorithme de Karatsuba},
institution = {École polytechnique},
year = {1999},
month = {novembre},
url = {https://www.enseignement.polytechnique.fr/profs/informatique/Benjamin.Werner/TD-3/td3.html%7D}
}

@techreport{SIMD,
author = {Van Der Hoeven J., Lecerf G. & Quintin G.},
title = {Modular SIMD arithmetic in Mathemagix},
institution = {CNRS, École polytechnique, Laboratoire LIX, Universite de Limoges & Laboratoire XLIM},
year = {2016},
month = {août},
url = {https://dl-acm-org.accesdistant.sorbonne-universite.fr/doi/abs/10.1145/2876503%7D}
}